
@book{defineemph,
	title = {formatting - {What} is the canonical way to redefine the {\textbackslash}textbackslashemph command},
	url = {https://tex.stackexchange.com/questions/6754/what-is-the-canonical-way-to-redefine-the-emph-command},
	urldate = {2019-06-24},
	annote = {00000}
}

@misc{pandoc,
	title = {Pandoc - {About} pandoc},
	url = {https://pandoc.org/},
	urldate = {2019-06-26},
	file = {Pandoc - About pandoc:N\:\\Documents\\Zotero\\storage\\2JZNIFUB\\pandoc.org.html:text/html}
}